<?xml version="1.0" encoding="UTF-8" standalone="yes"?>
<!--
  ~ Copyright 2017 DV Bern AG
  ~
  ~ Licensed under the Apache License, Version 2.0 (the "License");
  ~ you may not use this file except in compliance with the License.
  ~ You may obtain a copy of the License at
  ~
  ~ http://www.apache.org/licenses/LICENSE-2.0
  ~
  ~ Unless required by applicable law or agreed to in writing, software
  ~ distributed under the License is distributed on an "AS IS" BASIS,
  ~ WITHOUT WARRANTIES OR CONDITIONS OF ANY KIND, either express or implied.
  ~ limitations under the License.
  -->
<Document xsi:schemaLocation="http://www.six-interbank-clearing.com/de/pain.001.001.03.ch.02.xsd pain.001.001.03.ch.02.xsd" xmlns="http://www.six-interbank-clearing.com/de/pain.001.001.03.ch.02.xsd" xmlns:xsi="http://www.w3.org/2001/XMLSchema-instance">
    <CstmrCdtTrfInitn>
        <GrpHdr>
            <MsgId>Test-ID</MsgId>
            <CreDtTm>2017-08-04T10:15:00.000+02:00</CreDtTm>
            <NbOfTxs>4</NbOfTxs>
            <CtrlSum>4010</CtrlSum>
            <InitgPty>
                <Nm>Pestalozzi GMBH</Nm>
                <CtctDtls>
                    <Nm>DVBern Payment Tool</Nm>
                    <Othr>V01</Othr>
                </CtctDtls>
            </InitgPty>
        </GrpHdr>
        <PmtInf>
            <PmtInfId>Test-ID</PmtInfId>
            <PmtMtd>TRA</PmtMtd>
            <BtchBookg>true</BtchBookg>
            <PmtTpInf/>
            <ReqdExctnDt>2017-06-30+02:00</ReqdExctnDt>
            <Dbtr>
                <Nm>Pestalozzi GMBH</Nm>
            </Dbtr>
            <DbtrAcct>
                <Id>
                    <IBAN>CH9300762011623852957</IBAN>
                </Id>
            </DbtrAcct>
            <DbtrAgt>
                <FinInstnId>
                    <BIC>POFICHBEXXX</BIC>
                </FinInstnId>
            </DbtrAgt>
            <CdtTrfTxInf>
                <PmtId>
                    <InstrId>1</InstrId>
                    <EndToEndId>1/6/Auszahlung 1</EndToEndId>
                </PmtId>
                <Amt>
                    <InstdAmt Ccy="CHF">10</InstdAmt>
                </Amt>
                <CdtrAgt>
                    <FinInstnId>
                        <ClrSysMmbId>
                            <ClrSysId>
                                <Cd>CHBCC</Cd>
                            </ClrSysId>
                            <MmbId>POFICHBEXXX</MmbId>
                        </ClrSysMmbId>
                    </FinInstnId>
                </CdtrAgt>
                <Cdtr>
                    <Nm>Auszahlung 1</Nm>
                    <PstlAdr>
                        <StrtNm>Teststrasse</StrtNm>
                        <BldgNb>1</BldgNb>
                        <PstCd>3000</PstCd>
                        <TwnNm>Bern</TwnNm>
                        <Ctry>CH</Ctry>
                    </PstlAdr>
                </Cdtr>
                <RmtInf>
                    <Ustrd>Auszahlung 1</Ustrd>
                </RmtInf>
            </CdtTrfTxInf>
            <CdtTrfTxInf>
                <PmtId>
                    <InstrId>2</InstrId>
                    <EndToEndId>2/6/Auszahlung 2</EndToEndId>
                </PmtId>
                <Amt>
                    <InstdAmt Ccy="CHF">1000</InstdAmt>
                </Amt>
                <CdtrAgt>
                    <FinInstnId>
                        <ClrSysMmbId>
                            <ClrSysId>
                                <Cd>CHBCC</Cd>
                            </ClrSysId>
                            <MmbId>POFICHBEXXX</MmbId>
                        </ClrSysMmbId>
                    </FinInstnId>
                </CdtrAgt>
                <Cdtr>
                    <Nm>Auszahlung 2</Nm>
                    <PstlAdr>
                        <StrtNm>Teststrasse</StrtNm>
                        <BldgNb>2</BldgNb>
                        <PstCd>4000</PstCd>
                        <TwnNm>Zurich</TwnNm>
                        <Ctry>CH</Ctry>
                    </PstlAdr>
                </Cdtr>
                <RmtInf>
                    <Ustrd>Auszahlung 2, Monat Jun.2017</Ustrd>
                </RmtInf>
            </CdtTrfTxInf>
            <CdtTrfTxInf>
                <PmtId>
                    <InstrId>3</InstrId>
                    <EndToEndId>3/6/Auszahlung 3 mit viiiiiel zu la</EndToEndId>
                </PmtId>
                <Amt>
                    <InstdAmt Ccy="CHF">1000</InstdAmt>
                </Amt>
                <CdtrAgt>
                    <FinInstnId>
                        <ClrSysMmbId>
                            <ClrSysId>
                                <Cd>CHBCC</Cd>
                            </ClrSysId>
                            <MmbId>POFICHBEXXX</MmbId>
                        </ClrSysMmbId>
                    </FinInstnId>
                </CdtrAgt>
                <Cdtr>
                    <Nm>Auszahlung 3 mit viiiiiel zu langem Namen, der ist sooo lang dass e...</Nm>
                    <PstlAdr>
                        <StrtNm>Teststrasse</StrtNm>
                        <BldgNb>2</BldgNb>
                        <PstCd>4000</PstCd>
                        <TwnNm>Zurich</TwnNm>
                        <Ctry>CH</Ctry>
                    </PstlAdr>
                </Cdtr>
                <RmtInf>
                    <Ustrd>Auszahlung 3 mit viiiiiel zu langem Namen, der ist sooo lang dass es gar nicht alles rein passt ins Feld, Monat Jun.2017</Ustrd>
                </RmtInf>
            </CdtTrfTxInf>
            <CdtTrfTxInf>
                <PmtId>
                    <InstrId>4</InstrId>
                    <EndToEndId>4/6/Auszahlung Without address</EndToEndId>
                </PmtId>
                <Amt>
                    <InstdAmt Ccy="CHF">2000</InstdAmt>
                </Amt>
                <CdtrAgt>
                    <FinInstnId>
                        <ClrSysMmbId>
                            <ClrSysId>
                                <Cd>CHBCC</Cd>
                            </ClrSysId>
                            <MmbId>POFICHBEXXX</MmbId>
                        </ClrSysMmbId>
                    </FinInstnId>
                </CdtrAgt>
                <Cdtr>
                    <Nm>Auszahlung Without address</Nm>
                </Cdtr>
                <RmtInf>
                    <Ustrd>Auszahlung Without address, Monat Jun.2017</Ustrd>
                </RmtInf>
            </CdtTrfTxInf>
        </PmtInf>
    </CstmrCdtTrfInitn>
</Document>
