<?xml version="1.0" encoding="UTF-8" standalone="yes"?>
<Document xsi:schemaLocation="http://www.six-interbank-clearing.com/de/pain.008.001.02.ch.03.xsd pain.008.001.02.ch.03.xsd" xmlns="http://www.six-interbank-clearing.com/de/pain.008.001.02.ch.03.xsd" xmlns:xsi="http://www.w3.org/2001/XMLSchema-instance">
    <CstmrDrctDbtInitn>
        <GrpHdr>
            <MsgId>Test-ID</MsgId>
            <CreDtTm>2017-06-30T15:00:00.000+02:00</CreDtTm>
            <NbOfTxs>3</NbOfTxs>
            <CtrlSum>2010</CtrlSum>
            <InitgPty>
                <Nm>Test LSV Biller</Nm>
                <Id>
                    <OrgId>
                        <Othr>
                            <Id>BillerID</Id>
                        </Othr>
                    </OrgId>
                </Id>
                <CtctDtls>
                    <Nm>DVBern Payment Tool</Nm>
                    <Othr>V01</Othr>
                </CtctDtls>
            </InitgPty>
        </GrpHdr>
        <PmtInf>
            <PmtInfId>Test-ID</PmtInfId>
            <PmtMtd>DD</PmtMtd>
            <PmtTpInf>
                <SvcLvl>
                    <Prtry>CHTA</Prtry>
                </SvcLvl>
                <LclInstrm>
                    <Prtry>LSV+</Prtry>
                </LclInstrm>
            </PmtTpInf>
            <ReqdColltnDt>2017-07-10+02:00</ReqdColltnDt>
            <Cdtr>
                <Nm>Pestalozzi GMBH</Nm>
            </Cdtr>
            <CdtrAcct>
                <Id>
                    <IBAN>CH9300762011623852957</IBAN>
                </Id>
            </CdtrAcct>
            <CdtrAgt>
                <FinInstnId>
                    <ClrSysMmbId>
                        <MmbId>CreditorInstId</MmbId>
                    </ClrSysMmbId>
                    <Othr>
                        <Id>CreditorEsrNr</Id>
                    </Othr>
                </FinInstnId>
            </CdtrAgt>
            <CdtrSchmeId>
                <Id>
                    <PrvtId>
                        <Othr>
                            <Id>CreditorLsvID</Id>
                            <SchmeNm>
                                <Prtry>CHLS</Prtry>
                            </SchmeNm>
                        </Othr>
                    </PrvtId>
                </Id>
            </CdtrSchmeId>
            <DrctDbtTxInf>
                <PmtId>
                    <InstrId>ID-1</InstrId>
                    <EndToEndId>NOTPROVIDED</EndToEndId>
                </PmtId>
                <InstdAmt Ccy="CHF">10</InstdAmt>
                <DbtrAgt>
                    <FinInstnId>
                        <ClrSysMmbId>
                            <MmbId>01234</MmbId>
                        </ClrSysMmbId>
                    </FinInstnId>
                </DbtrAgt>
                <Dbtr>
                    <Nm>Zahlung 1</Nm>
                    <PstlAdr>
                        <StrtNm>Teststrasse</StrtNm>
                        <PstCd>3000</PstCd>
                        <TwnNm>Bern</TwnNm>
                        <Ctry>CH</Ctry>
                    </PstlAdr>
                </Dbtr>
                <DbtrAcct>
                    <Id>
                        <IBAN>CH9300762011623852957</IBAN>
                    </Id>
                </DbtrAcct>
                <RmtInf>
                    <Strd>
                        <CdtrRefInf>
                            <Tp>
                                <CdOrPrtry>
                                    <Prtry>ESR</Prtry>
                                </CdOrPrtry>
                            </Tp>
                            <Ref>000123456789012345678901234</Ref>
                        </CdtrRefInf>
                    </Strd>
                </RmtInf>
            </DrctDbtTxInf>
            <DrctDbtTxInf>
                <PmtId>
                    <InstrId>ID-2</InstrId>
                    <EndToEndId>NOTPROVIDED</EndToEndId>
                </PmtId>
                <InstdAmt Ccy="CHF">1000</InstdAmt>
                <DbtrAgt>
                    <FinInstnId>
                        <ClrSysMmbId>
                            <MmbId>05678</MmbId>
                        </ClrSysMmbId>
                    </FinInstnId>
                </DbtrAgt>
                <Dbtr>
                    <Nm>Zahlung 2</Nm>
                    <PstlAdr>
                        <StrtNm>Teststrasse</StrtNm>
                        <PstCd>4000</PstCd>
                        <TwnNm>Zurich</TwnNm>
                        <Ctry>CH</Ctry>
                    </PstlAdr>
                </Dbtr>
                <DbtrAcct>
                    <Id>
                        <IBAN>CH9300762011623852957</IBAN>
                    </Id>
                </DbtrAcct>
                <RmtInf>
                    <Strd>
                        <CdtrRefInf>
                            <Tp>
                                <CdOrPrtry>
                                    <Prtry>ESR</Prtry>
                                </CdOrPrtry>
                            </Tp>
                            <Ref>100123456789012345678901234</Ref>
                        </CdtrRefInf>
                    </Strd>
                </RmtInf>
            </DrctDbtTxInf>
            <DrctDbtTxInf>
                <PmtId>
                    <InstrId>ID-3</InstrId>
                    <EndToEndId>NOTPROVIDED</EndToEndId>
                </PmtId>
                <InstdAmt Ccy="CHF">1000</InstdAmt>
                <DbtrAgt>
                    <FinInstnId>
                        <ClrSysMmbId>
                            <MmbId>15678</MmbId>
                        </ClrSysMmbId>
                    </FinInstnId>
                </DbtrAgt>
                <Dbtr>
                    <Nm>no address</Nm>
                </Dbtr>
                <DbtrAcct>
                    <Id>
                        <IBAN>CH9300762011623852957</IBAN>
                    </Id>
                </DbtrAcct>
                <RmtInf>
                    <Strd>
                        <CdtrRefInf>
                            <Tp>
                                <CdOrPrtry>
                                    <Prtry>ESR</Prtry>
                                </CdOrPrtry>
                            </Tp>
                            <Ref>100123456789012345678901234</Ref>
                        </CdtrRefInf>
                    </Strd>
                </RmtInf>
            </DrctDbtTxInf>
        </PmtInf>
    </CstmrDrctDbtInitn>
</Document>
